<record><leader>02373cam a2200337 i 45 0</leader><controlfield tag="001">6849242</controlfield><controlfield tag="005">20141030085333.0</controlfield><controlfield tag="008">140822s2015    nyua     b    001 0 eng  </controlfield><datafield ind1=" " ind2=" " tag="010"><subfield code="a">  2014032459</subfield></datafield><datafield ind1=" " ind2=" " tag="020"><subfield code="a">9780415858649 (Hardback : alk. paper)</subfield></datafield><datafield ind1=" " ind2=" " tag="020"><subfield code="z">9780203798386 (ebook)</subfield></datafield><datafield ind1=" " ind2=" " tag="040"><subfield code="a">DLC</subfield><subfield code="b">eng</subfield><subfield code="c">DLC</subfield><subfield code="e">rda</subfield><subfield code="d">AGPC</subfield></datafield><datafield ind1=" " ind2=" " tag="042"><subfield code="a">pcc</subfield></datafield><datafield ind1="0" ind2="0" tag="050"><subfield code="a">GV713</subfield><subfield code="b">.R69 2015</subfield></datafield><datafield ind1="0" ind2="0" tag="082"><subfield code="a">796.068</subfield><subfield code="2">23</subfield></datafield><datafield ind1=" " ind2=" " tag="090"><subfield code="a">GV 713 R69 2015</subfield><subfield code="b">AGPC</subfield></datafield><datafield ind1="0" ind2="0" tag="245"><subfield code="a">Routledge handbook of sports event management /</subfield><subfield code="c">edited by Milena M. Parent and Jean-Loup Chappelet.</subfield></datafield><datafield ind1=" " ind2="1" tag="264"><subfield code="a">New York :</subfield><subfield code="b">Routledge,</subfield><subfield code="c">2015.</subfield></datafield><datafield ind1=" " ind2="4" tag="264"><subfield code="c">&#169;2015.</subfield></datafield><datafield ind1=" " ind2=" " tag="300"><subfield code="a">xvii, 444 pages :</subfield><subfield code="b">illustrations ;</subfield><subfield code="c">26 cm</subfield></datafield><datafield ind1=" " ind2=" " tag="336"><subfield code="a">text</subfield><subfield code="b">txt</subfield><subfield code="2">rdacontent</subfield></datafield><datafield ind1=" " ind2=" " tag="337"><subfield code="a">unmediated</subfield><subfield code="b">n</subfield><subfield code="2">rdamedia</subfield></datafield><datafield ind1=" " ind2=" " tag="338"><subfield code="a">volume</subfield><subfield code="b">nc</subfield><subfield code="2">rdacarrier</subfield></datafield><datafield ind1=" " ind2=" " tag="504"><subfield code="a">Includes bibliographical references and index.</subfield></datafield><datafield ind1="0" ind2=" " tag="505"><subfield code="a">The (Wide) World of Sports Events. Section 1. The organizers -- 2. The bidders' and promoters' perspective -- 3. The organizing committee's perspective -- 4. The volunteers' perspective -- Section 2.  The sport organizations -- 5. The sport event owners' perspective -- 6. The sport federations' perspective -- Section 3.  The participants -- 7. The athletes' perspective -- 8. Masters sport perspectives -- 9. The spectators' perspective -- Section 4. The support -- 10. The sport parents' and entourage's perspective -- 11. The mission staff perspective -- Section 5. The community -- 12. The community's perspective -- 13. The tourism agencies and local business actors' perspective -- Section 6. The funders -- 14. The local and regional governments' perspective -- 15. The national government's perspective -- 16. The sponsors' perspective -- Section 7. The media -- 17. The broadcasters' perspective -- 18. The written press and social/new media perspectives -- Section 8. Other stakeholders -- 19. The security agencies' perspective -- 20. The non-governmental agency perspective -- Section 9. Conclusions -- Conclusions and future directions for sport event management scholarship.</subfield></datafield><datafield ind1=" " ind2="0" tag="650"><subfield code="a">Sports tournaments</subfield><subfield code="x">Management.</subfield></datafield><datafield ind1=" " ind2="0" tag="650"><subfield code="a">Special events</subfield><subfield code="v">Handbooks, manuals, etc.</subfield></datafield><datafield ind1="1" ind2=" " tag="700"><subfield code="a">Parent, Milena M.</subfield></datafield><datafield ind1="1" ind2=" " tag="700"><subfield code="a">Chappelet, J.-L.</subfield><subfield code="q">(Jean-Loup)</subfield></datafield><datafield ind1=" " ind2=" " tag="596"><subfield code="a">28</subfield></datafield><datafield ind1=" " ind2=" " tag="926"><subfield code="a">GV 713 R69 2015</subfield><subfield code="w">LC</subfield><subfield code="c">1</subfield><subfield code="i">31847001274957</subfield><subfield code="d">3/22/2017</subfield><subfield code="e">3/6/2017</subfield><subfield code="l">ON_SHELF</subfield><subfield code="m">GPRC_GP</subfield><subfield code="n">9</subfield><subfield code="p">$150.00</subfield><subfield code="r">Y</subfield><subfield code="s">Y</subfield><subfield code="t">BOOK</subfield><subfield code="u">3/5/2015</subfield></datafield></record>